@misc{kevin,
    TITLE = {Ways to prove the fundamental theorem of algebra},
    AUTHOR = {Kevin McGerty (https://mathoverflow.net/users/1878/kevin-mcgerty)},
    HOWPUBLISHED = {MathOverflow},
    NOTE = {URL:https://mathoverflow.net/q/10670 (version: 2010-01-04)},
    EPRINT = {https://mathoverflow.net/q/10670},
    URL = {https://mathoverflow.net/q/10670}
}


@article{fefferman,
 ISSN = {00029890, 19300972},
 URL = {http://www.jstor.org/stable/2315823},
 author = {Charles Fefferman},
 journal = {The American Mathematical Monthly},
 number = {7},
 pages = {854--855},
 publisher = {Mathematical Association of America},
 title = {An Easy Proof of the Fundamental Theorem of Algebra},
 urldate = {2022-07-18},
 volume = {74},
 year = {1967}
}

@book{rudin1976principles,
  title={Principles of mathematical analysis},
  author={Rudin, Walter and others},
  volume={3},
  year={1976},
  publisher={McGraw-hill New York}
}

@book{milnor,
  title={Topology from the differentiable viewpoint},
  author={Milnor, John and Weaver, David W},
  volume={21},
  year={1997},
  publisher={Princeton university press}
}
