@article{mok1988uniformization,
  title={The uniformization theorem for compact K{\"a}hler manifolds of nonnegative holomorphic bisectional curvature},
  author={Mok, Ngaiming and others},
  journal={Journal of differential geometry},
  volume={27},
  number={2},
  pages={179--214},
  year={1988},
  publisher={Lehigh University}
}

@article{nomizu1968differential,
  title={Differential geometry of complex hypersurfaces II},
  author={Nomizu, Katsumi and Smyth, Brian},
  journal={Journal of the Mathematical Society of Japan},
  volume={20},
  number={3},
  pages={498--521},
  year={1968},
  publisher={The Mathematical Society of Japan}
}

@article{smyth1967differential,
  title={Differential geometry of complex hypersurfaces},
  author={Smyth, Brian},
  journal={Annals of Mathematics},
  pages={246--266},
  year={1967},
  publisher={JSTOR}
}

@article{berndtsson2009curvature,
  title={Curvature of vector bundles associated to holomorphic fibrations},
  author={Berndtsson, Bo},
  journal={Annals of mathematics},
  pages={531--560},
  year={2009},
  publisher={JSTOR}
}

@article{hironaka1962example,
  title={An example of a non-Kahlerian complex-analytic deformation of K{\`a}hlerian complex structures},
  author={Hironaka, Heisuke},
  journal={Annals of Mathematics},
  pages={190--208},
  year={1962},
  publisher={JSTOR}
}

@article{kodaira1960deformations,
  title={On deformations of complex analytic structures, III. Stability theorems for complex structures},
  author={Kodaira, Kunihiko and Spencer, Donald Clayton},
  journal={Annals of Mathematics},
  pages={43--76},
  year={1960},
  publisher={JSTOR}
}

@article{schreieder2015construction,
  title={On the construction problem for Hodge numbers},
  author={Schreieder, Stefan},
  journal={Geometry \& Topology},
  volume={19},
  number={1},
  pages={295--342},
  year={2015},
  publisher={Mathematical Sciences Publishers}
}

@article{serre1958topologie,
  title={Sur la topologie des vari{\'e}t{\'e}s alg{\'e}briques en caract{\'e}ristique p},
  author={Serre, Jean-Pierre},
  journal={Symposion Internacional de topologia algebraica},
  pages={24--53},
  year={1958},
  publisher={Citeseer}
}

@article{griffiths1965hermitian,
  title={Hermitian differential geometry and the theory of positive and ample holomorphic vector bundles},
  author={Griffiths, Phillip A},
  journal={Journal of Mathematics and Mechanics},
  volume={14},
  number={1},
  pages={117--140},
  year={1965},
  publisher={JSTOR}
}

@book{voisin2002theorie,
  title={Th{\'e}orie de Hodge et g{\'e}om{\'e}trie alg{\'e}brique complexe},
  author={Voisin, Claire},
  volume={10},
  year={2002},
  publisher={Soci{\'e}t{\'e} math{\'e}matique de France Paris}
}

@book{demailly-complex,
  title={Complex analytic and differential geometry},
  author={Demailly, Jean-Pierre},
  year={2021},
  url={https://www-fourier.ujf-grenoble.fr/~demailly/manuscripts/agbook.pdf},
}

@incollection{siu1986curvature,
  title={Curvature of the Weil-Petersson Metric in the Moduli Space of Compact K{\"a}hler-Einstein Manifolds of Negative First Chem Class},
  author={Siu, Yum-Tong},
  booktitle={Contributions to several complex variables},
  pages={261--298},
  year={1986},
  publisher={Springer}
}

@article{magnusson2016inner,
  title={The inner product on exterior powers of a complex vector space},
  author={Magn{\'u}sson, Gunnar {\TH}{\'o}r},
  journal={Linear Algebra and its Applications},
  volume={504},
  pages={372--386},
  year={2016},
  publisher={Elsevier}
}

@article{berger1965varietes,
  title={Sur les vari{\'e}t{\'e}s d’Einstein compactes},
  author={Berger, Marcel},
  journal={Comptes Rendus de la IIIe R{\'e}union du Groupement des Math{\'e}maticiens d’Expression Latine (Namur, 1965)},
  pages={35--55},
  year={1965}
}

@phdthesis{alvarez2016positive,
  title={On the Positive Holomorphic Sectional Curvature of Projectivized Vector Bundles over Compact Complex Manifolds},
  author={Alvarez, Angelynn Reario and others},
  year={2016}
}

@article{diverio2020kobayashi,
  title={Kobayashi hyperbolicity, negativity of the curvature and positivity of the canonical bundle},
  author={Diverio, Simone},
  journal={arXiv preprint arXiv:2011.11379},
  year={2020}
}

@article{wu2016negative,
  title={Negative holomorphic curvature and positive canonical bundle},
  author={Wu, Damin and Yau, Shing-Tung},
  journal={Inventiones mathematicae},
  volume={204},
  number={2},
  pages={595--604},
  year={2016},
  publisher={Springer}
}

@inproceedings{yang2019hirzebruch,
  title={Hirzebruch manifolds and positive holomorphic sectional curvature},
  author={Bo, Yang and Zheng, Fangyang},
  booktitle={Annales de l'Institut Fourier},
  volume={69},
  number={6},
  pages={2589--2634},
  year={2019}
}

@inproceedings{hitchin1975curvature,
  title={On the curvature of rational surfaces},
  author={Hitchin, Nigel},
  booktitle={Proc. Symp. Pure Math},
  volume={27},
  pages={65--80},
  year={1975}
}

@article{siu1980compact,
  title={Compact K{\"a}hler manifolds of positive bisectional curvature},
  author={Siu, Yum-Tong and Yau, Shing-Tung},
  journal={Inventiones mathematicae},
  volume={59},
  number={2},
  pages={189--204},
  year={1980},
  publisher={Springer-Verlag}
}

@article{tsukamoto1957kahlerian,
  title={On K{\"a}hlerian manifolds with positive holomorphic sectional curvature},
  author={Tsukamoto, Y{\^o}tar{\^o}},
  journal={Proceedings of the Japan Academy},
  volume={33},
  number={6},
  pages={333--335},
  year={1957},
  publisher={The Japan Academy}
}

@article{folland,
 ISSN = {00029890, 19300972},
 URL = {http://www.jstor.org/stable/2695802},
 author = {Gerald B. Folland},
 journal = {The American Mathematical Monthly},
 number = {5},
 pages = {446--448},
 publisher = {Mathematical Association of America},
 title = {How to Integrate a Polynomial over a Sphere},
 volume = {108},
 year = {2001}
}

@book{zheng2000complex,
  title={Complex differential geometry},
  author={Zheng, Fangyang},
  number={18},
  year={2000},
  publisher={American Mathematical Soc.}
}

@book{berger,
  title={A panoramic view of Riemannian geometry},
  author={Berger, Marcel},
  year={2012},
  publisher={Springer Science \& Business Media}
}

@article{yang2016curvature,
  title={On curvature tensors of Hermitian manifolds},
  author={Yang, Bo and Zheng, Fangyang},
  journal={arXiv preprint arXiv:1602.01189},
  year={2016}
}

@book{arnold,
  title={Mathematical methods of classical mechanics},
  author={Arnol'd, Vladimir Igorevich},
  volume={60},
  year={2013},
  publisher={Springer Science \& Business Media}
}

@inproceedings{kahler,
  title={{\"U}ber eine bemerkenswerte hermitesche metrik},
  author={K{\"a}hler, Erich},
  booktitle={Abhandlungen aus dem Mathematischen Seminar der Universit{\"a}t Hamburg},
  volume={9},
  number={1},
  pages={173--186},
  year={1933},
  organization={Springer}
}

@article{algebraic-kahler-curvature,
 ISSN = {00029947},
 URL = {http://www.jstor.org/stable/1996473},
 author = {Malladi Sitaramayya},
 journal = {Transactions of the American Mathematical Society},
 pages = {341--353},
 publisher = {American Mathematical Society},
 title = {Curvature Tensors in Kaehler Manifolds},
 volume = {183},
 year = {1973}
}


@article{fischer1983differential,
  title={Differential geometry of complex projective space curves},
  author={Fischer, Gerd},
  journal={manuscripta mathematica},
  volume={45},
  number={1},
  pages={47--59},
  year={1983},
  publisher={Springer}
}

@article{vitter1974curvature,
  title={On the curvature of complex hypersurfaces},
  author={Vitter, Albert and Chern, SS},
  journal={Indiana University Mathematics Journal},
  volume={23},
  number={9},
  pages={813--826},
  year={1974},
  publisher={JSTOR}
}

@phdthesis{istrati:tel-02156198,
  TITLE = {{Conformal structures on compact complex manifolds}},
  AUTHOR = {Istrati, Nicolina},
  URL = {https://tel.archives-ouvertes.fr/tel-02156198},
  NUMBER = {2018USPCC054},
  SCHOOL = {{Universit{\'e} Sorbonne Paris Cit{\'e}}},
  YEAR = {2018},
  MONTH = Jun,
  KEYWORDS = {Holomorphic symplectic form ; Hyperk{\"a}hler manifold ; Locally conformally K{\"a}hler metric ; Vaisman metric ; Toric geometry ; Oeljeklaus-Toma manifold ; Twisted cohomology ; Forme holomorphe symplectique ; Vari{\'e}t{\'e} hyperk{\"a}hlerienne ; M{\'e}trique localement conform{\'e}ment k{\"a}hlerienne ; M{\'e}trique de Vaisman ; Vari{\'e}t{\'e} d'Oeljeklaus-Toma ; Cohomologie twist{\'e}e},
  TYPE = {Theses},
  PDF = {https://tel.archives-ouvertes.fr/tel-02156198/file/ISTRATI_Nicolina_2_complete_20180615.pdf},
  HAL_ID = {tel-02156198},
  HAL_VERSION = {v1},
}

@article{boothby1958,
author = "Boothby, William M.",
doi = "10.1307/mmj/1028998068",
fjournal = "Michigan Mathematical Journal",
journal = "Michigan Math. J.",
number = "2",
pages = "229--233",
publisher = "University of Michigan, Department of Mathematics",
title = "Hermitian manifolds with zero curvature.",
url = "https://doi.org/10.1307/mmj/1028998068",
volume = "5",
year = "1958"
}

@article{beauville1983,
author = "Beauville, Arnaud",
doi = "10.4310/jdg/1214438181",
fjournal = "Journal of Differential Geometry",
journal = "J. Differential Geom.",
number = "4",
pages = "755--782",
publisher = "Lehigh University",
title = "Variétés Kähleriennes dont la première classe de Chern est nulle",
url = "https://doi.org/10.4310/jdg/1214438181",
volume = "18",
year = "1983"
}
