@book{bib:14,
  author = {Artin, M. and Grothendieck, A. and Verdier, J. L.},
  title = {Th\'eorie des topos et cohomologie \'etale des sch\'emas ({S}{G}{A} 4)},
  series = {Lecture {N}otes in {M}athematics},
  number = {269, 270, 305},
  publisher = {Springer},
  year = {1972--73},
  note = {3 vols.},
  url = {https://ncatlab.org/nlab/show/SGA4},
}

@book{bib:17,
  author = {Atiyah, M. F. and MacDonald, I. G.},
  title = {Introduction to commutative algebra},
  publisher = {Addison--Wesley},
  year = 1969
}

@book{bib:138,
  author = {Matsushima, Y.},
  title = {Differentiable manifolds},
  publisher = {Marcel Dekber},
  year = 1972
}

@book{bib:141,
  author = {Mitchell, B.},
  title = {Theory of categories},
  publisher = {Academic Press},
  year = 1965
}

@article{bib:166,
  author = {Serre, J.--P.},
  title = {Faisceaux alg\'ebriques coh\'erents},
  journal = {Ann. Math.},
  volume = {61},
  year = {1955},
  pages = {197--278},
  url = {https://www.jstor.org/stable/i307278},
}

@book{bib:183,
  author = {Spanier, E. H.},
  title = {Algebraic topology},
  publisher = {McGraw--Hill},
  year = 1966
}
@book{bib:217,
  author = {Winter, D. J.},
  title = {The structure of fields},
  publisher = {Springer},
  year = 1974
}
