@misc{broder,
  author = {Broder, Kyle},
  title = {Some remarks on the {W}u--{Y}au theorem},
  url = {https://arxiv.org/abs/2306.06509},
  year = {2023}
}

@article{folland,
 ISSN = {00029890, 19300972},
 URL = {http://www.jstor.org/stable/2695802},
 author = {Gerald B. Folland},
 journal = {The American Mathematical Monthly},
 number = {5},
 pages = {446--448},
 title = {How to integrate a polynomial over a sphere},
 volume = {108},
 year = {2001}
}

@article{alvarez2018projectivized,
  title={On projectivized vector bundles and positive holomorphic sectional curvature},
  author={\'Alvarez, Angelynn Reario and Heier, Gordon and Zheng, Fangyang},
  journal={Proc. AMS},
  volume={146},
  number={7},
  pages={2877--2882},
  url={http://dx.doi.org/10.1090/proc/13868},
  year={2018}
}

@article{yang2019hirzebruch,
  title={Hirzebruch manifolds and positive holomorphic sectional curvature},
  author={Bo, Yang and Zheng, Fangyang},
  journal={Ann. Institut Fourier},
  volume={69},
  number={6},
  pages={2589--2634},
  url={https://aif.centre-mersenne.org/item/AIF_2019__69_6_2589_0},
  year={2019}
}

@inproceedings{hitchin1975curvature,
  title={On the curvature of rational surfaces},
  author={Hitchin, Nigel},
  booktitle={Proc. Symp. Pure Math},
  volume={27},
  pages={65--80},
  year={1975}
}

@book{zheng2000complex,
  title={Complex differential geometry},
  author={Zheng, Fangyang},
  number={18},
  year={2000},
  publisher={Amer. Math. Soc.}
}

@article{tosatti2017extension,
  title={An extension of a theorem of {W}u--{Y}au},
  author={Tosatti, Valentino and Yang, Xiaokui},
  journal={Journal of Differential Geometry},
  volume={107},
  url = {http://dx.doi.org/10.4310/jdg/1508551226},
  number={3},
  pages={573--579},
  year={2017},
  publisher={Lehigh University}
}

@article{wu2016negative,
  title={Negative holomorphic curvature and positive canonical bundle},
  author={Wu, Damin and Yau, Shing-Tung},
  url = {https://doi.org/10.1007/s00222-015-0621-9},
  journal={Inventiones mathematicae},
  volume={204},
  number={2},
  pages={595--604},
  year={2016},
  publisher={Springer}
}

@article{diverio2019quasi,
  title={Quasi-negative holomorphic sectional curvature and positivity of the canonical bundle},
  author={Diverio, Simone and Trapani, Stefano},
  journal={Journal of Differential Geometry},
  volume={111},
  number={2},
  pages={303--314},
  year={2019},
  publisher={Lehigh University}
}

@article{siu1980compact,
  title={Compact {K}{\"a}hler manifolds of positive bisectional curvature},
  author={Siu, Yum-Tong and Yau, Shing-Tung},
  journal={Inventiones mathematicae},
  volume={59},
  number={2},
  pages={189--204},
  year={1980},
  url={https://doi.org/10.1007/BF01390043},
  publisher={Springer-Verlag}
}

@article{algebraic-kahler-curvature,
 ISSN = {00029947},
 URL = {http://www.jstor.org/stable/1996473},
 author = {Malladi Sitaramayya},
 journal = {Trans. Amer. Math. Soc.},
 pages = {341--353},
 title = {Curvature tensors in {K}aehler manifolds},
 volume = {183},
 year = {1973}
}

@article{berger1965varietes,
  title={Sur les vari{\'e}t{\'e}s d’{E}instein compactes},
  author={Berger, Marcel},
  journal={Comptes Rendus de la IIIe R{\'e}union du Groupement des Math{\'e}maticiens d’Expression Latine (Namur, 1965)},
  pages={35--55},
  year={1965}
}


