@book{voisin2002theorie,
  title={Th{\'e}orie de {H}odge et g{\'e}om{\'e}trie alg{\'e}brique complexe},
  author={Voisin, Claire},
  volume={10},
  year={2002},
  publisher={Soc. Math. France},
}

@book{fischer1965lokal,
  title={Lokal-triviale Familien kompakter komplexer Mannigfaltigkeiten},
  author={Fischer, Wolfgang and Grauert, Hans},
  year={1965},
  publisher={Vandenhoeck \& Ruprecht}
}

@article{fischer-grauert,
author = {Fischer, W. and Grauert, H.},
title = {Lokal-triviale Familien kompakter komplexer Mannigfaltigkeiten},
journal = {Nachr. Akad. Wiss. G\"ottingen Math.-Phys. Kl. II},
year = {1965},
pages = {89--94},
}
