@article{demailly2004numerical,
  title={Numerical characterization of the {K}{\"a}hler cone of a compact {K}{\"a}hler manifold},
  author={Demailly, Jean-Pierre and Paun, Mihai},
  journal={Annals of mathematics},
  pages={1247--1274},
  year={2004},
  publisher={JSTOR}
}

