@article{pedersen1990kahler,
  title={K\"ahler surfaces with zero scalar curvature},
  author={Pedersen, Henrik and Poon, Yat Sun},
  journal={Classical and Quantum Gravity},
  volume={7},
  number={10},
  pages={1707},
  year={1990},
  publisher={IOP Publishing}
}

@article{yang2016curvature,
  title={On curvature tensors of Hermitian manifolds},
  author={Yang, Bo and Zheng, Fangyang},
  journal={arXiv},
  url={https://arxiv.org/abs/1602.01189},
  year={2016}
}

@article{balas1985compact,
  title={Compact {H}ermitian manifolds of constant holomorphic sectional curvature},
  url={https://doi.org/10.1007/BF01175044},
  author={Balas, Andrew},
  journal={Mathematische Zeitschrift},
  volume={189},
  pages={193--210},
  year={1985}
}

@misc{agbook,
  title={Complex analytic and differential geometry},
  author={Demailly, Jean-Pierre},
  year={2021},
  url = {https://www-fourier.ujf-grenoble.fr/~demailly/manuscripts/agbook.pdf}
}

@article{alvarez2018projectivized,
  title={On projectivized vector bundles and positive holomorphic sectional curvature},
  author={\'Alvarez, Angelynn Reario and Heier, Gordon and Zheng, Fangyang},
  journal={Proc. AMS},
  volume={146},
  number={7},
  pages={2877--2882},
  year={2018}
}

@inproceedings{yang2019hirzebruch,
  title={Hirzebruch manifolds and positive holomorphic sectional curvature},
  author={Yang, Bo and Zheng, Fangyang},
  booktitle={Annales de l'Institut Fourier},
  volume={69},
  number={6},
  pages={2589--2634},
  year={2019}
}

@inproceedings{hitchin1975curvature,
  title={On the curvature of rational surfaces},
  author={Hitchin, Nigel},
  booktitle={Proc. Symp. Pure Math},
  volume={27},
  pages={65--80},
  year={1975}
}

@book{zheng2000complex,
  title={Complex differential geometry},
  author={Zheng, Fangyang},
  number={18},
  year={2000},
  publisher={Amer. Math. Soc.}
}

@article{tosatti2017extension,
  title={An extension of a theorem of Wu--Yau},
  author={Tosatti, Valentino and Yang, Xiaokui},
  journal={Journal of Differential Geometry},
  volume={107},
  number={3},
  pages={573--579},
  year={2017},
  publisher={Lehigh University}
}

@article{wu2016negative,
  title={Negative holomorphic curvature and positive canonical bundle},
  author={Wu, Damin and Yau, Shing-Tung},
  journal={Inventiones mathematicae},
  volume={204},
  number={2},
  pages={595--604},
  year={2016},
  publisher={Springer}
}

@article{diverio2019quasi,
  title={Quasi-negative holomorphic sectional curvature and positivity of the canonical bundle},
  author={Diverio, Simone and Trapani, Stefano},
  journal={Journal of Differential Geometry},
  volume={111},
  number={2},
  pages={303--314},
  year={2019},
  publisher={Lehigh University}
}

@article{siu1980compact,
  title={Compact K{\"a}hler manifolds of positive bisectional curvature},
  author={Siu, Yum-Tong and Yau, Shing-Tung},
  journal={Inventiones mathematicae},
  volume={59},
  number={2},
  pages={189--204},
  year={1980},
  publisher={Springer-Verlag}
}

@article{algebraic-kahler-curvature,
 ISSN = {00029947},
 URL = {http://www.jstor.org/stable/1996473},
 author = {Malladi Sitaramayya},
 journal = {Trans. Amer. Math. Soc.},
 pages = {341--353},
 title = {Curvature tensors in {K}aehler manifolds},
 volume = {183},
 year = {1973}
}

@article{berger1965varietes,
  title={Sur les vari{\'e}t{\'e}s d’Einstein compactes},
  author={Berger, Marcel},
  journal={Comptes Rendus de la IIIe R{\'e}union du Groupement des Math{\'e}maticiens d’Expression Latine (Namur, 1965)},
  pages={35--55},
  year={1965}
}

@article{diverio2020kobayashi,
  title={Kobayashi hyperbolicity, negativity of the curvature and positivity of the canonical bundle},
  author={Diverio, Simone},
  journal={arXiv preprint arXiv:2011.11379},
  year={2020}
}

@book{watrous2018theory,
  title={The theory of quantum information},
  author={Watrous, John},
  year={2018},
  publisher={Cambridge university press},
  url = {https://cs.uwaterloo.ca/~watrous/TQI/}
}

@misc{harrow2013church,
  title={The church of the symmetric subspace},
  author={Harrow, Aram W},
  journal={arXiv:1308.6595},
  year={2013},
  url = {https://arxiv.org/abs/1308.6595}
}

