@article{wu1973remark,
  title={A remark on holomorphic sectional curvature},
  author={Wu, H and Chern, SS},
  journal={Indiana University Mathematics Journal},
  volume={22},
  number={11},
  pages={1103--1108},
  year={1973},
  publisher={JSTOR}
}


@article{yang2017rc,
  title={RC-positivity, rational connectedness and Yau's conjecture},
  author={Yang, Xiaokui},
  journal={arXiv:1708.06713},
  year={2017}
}


@article{chaturvedi2020hermitian,
  title={Hermitian metrics of positive holomorphic sectional curvature on fibrations},
  author={Chaturvedi, Ananya and Heier, Gordon},
  journal={Mathematische Zeitschrift},
  volume={295},
  number={1},
  pages={349--364},
  year={2020},
  publisher={Springer}
}

@article{stoica2014singular,
  title={On singular semi-{R}iemannian manifolds},
  author={Stoica, Ovidiu Cristinel},
  fjournal={International Journal of Geometric Methods in Modern Physics},
  journal={Int. J. Geometric Methods in Modern Physics},
  volume={11},
  number={5},
  year={2014},
}

@misc{stoica2011cartan,
  title={Cartanâ€™s structural equations for singular manifolds},
  author={Ovidiu Cristinel Stoica},
  year={2014},
  howpublished={\url{https://arxiv.org/abs/1111.0646}},
}

@article{bel1975degenerate,
  title={Degenerate {R}iemannian metrics},
  author={Bel'ko, IV},
  journal={Mathematical notes of the Academy of Sciences of the USSR},
  volume={18},
  number={5},
  pages={1046--1049},
  year={1975},
  publisher={Springer}
}


@book{fischer1965lokal,
  title={Lokal-triviale {F}amilien kompakter komplexer {M}annigfaltigkeiten},
  author={Fischer, Wolfgang and Grauert, Hans},
  year={1965},
  publisher={Vandenhoeck \& Ruprecht}
}

@article{cowen1989automorphisms,
  title={Automorphisms of {G}rassmannians},
  author={Cowen, Michael J},
  journal={Proceedings of the American Mathematical Society},
  volume={106},
  number={1},
  pages={99--106},
  year={1989}
}


@article{alvarez2018projectivized,
  title={On projectivized vector bundles and positive holomorphic sectional curvature},
  author={\'Alvarez, Angelynn Reario and Heier, Gordon and Zheng, Fangyang},
  journal={Proc. AMS},
  volume={146},
  number={7},
  pages={2877--2882},
  year={2018}
}

@article{kodaira-embedding,
 author = {Kunihiko Kodaira},
 journal = {Ann. Math.},
 number = {1},
 pages = {28--48},
 title = {On {K}\"ahler varieties of restricted type ({A}n intrinsic characterization of algebraic varieties)},
 volume = {60},
 year = {1954}
}

@article{calabi-fibres-holomorphes,
     author = {Calabi, Eugenio},
     title = {M\'etriques k\"ahl\'eriennes et fibr\'es holomorphes},
     journal = {Ann. sci. \'ENS},
     pages = {269--294},
     volume = {12},
     number = {2},
     year = {1979},
     doi = {10.24033/asens.1367},
     url = {http://www.numdam.org/item/ASENS_1979_4_12_2_269_0/}
}

@article{griffiths1965hermitian,
  title={Hermitian differential geometry and the theory of positive and ample holomorphic vector bundles},
  author={Griffiths, Phillip A},
  journal={J. Math. Mechanics},
  volume={14},
  number={1},
  pages={117--140},
  year={1965},
}

@book{voisin2002theorie,
  title={Th{\'e}orie de {H}odge et g{\'e}om{\'e}trie alg{\'e}brique complexe},
  author={Voisin, Claire},
  series={Cours {S}p\'ecialis\'es},
  number={10},
  year={2002},
  publisher={Soc. Math. France},
}

@misc{demailly-complex,
  title={Complex analytic and differential geometry},
  author={Demailly, Jean-Pierre},
  year={2021},
  howpublished={\url{https://www-fourier.ujf-grenoble.fr/~demailly/manuscripts/agbook.pdf}},
}

@phdthesis{alvarez2016positive,
  title={On the positive holomorphic sectional curvature of projectivized vector bundles over compact complex manifolds},
  author={\'Alvarez, Angelynn Reario},
  year={2016},
  school={University of Houston},
  note={\url{https://hdl.handle.net/10657/3250}},
}

@article{yang2019hirzebruch,
  title={Hirzebruch manifolds and positive holomorphic sectional curvature},
  author={Bo, Yang and Zheng, Fangyang},
  journal={Ann. Institut Fourier},
  volume={69},
  number={6},
  pages={2589--2634},
  year={2019}
}

@inproceedings{hitchin1975curvature,
  title={On the curvature of rational surfaces},
  author={Hitchin, Nigel},
  booktitle={Proc. Symp. Pure Math},
  volume={27},
  pages={65--80},
  year={1975}
}

@article{siu1980compact,
  title={Compact {K}{\"a}hler manifolds of positive bisectional curvature},
  author={Siu, Yum-Tong and Yau, Shing-Tung},
  journal={Inventiones mathematicae},
  volume={59},
  number={2},
  pages={189--204},
  year={1980},
}

@article{tsukamoto1957kahlerian,
  title={On {K}{\"a}hlerian manifolds with positive holomorphic sectional curvature},
  author={Tsukamoto, Y{\^o}tar{\^o}},
  journal={Proceedings of the Japan Academy},
  volume={33},
  number={6},
  pages={333--335},
  year={1957},
}

@book{zheng2000complex,
  title={Complex differential geometry},
  author={Zheng, Fangyang},
  number={18},
  year={2000},
  publisher={Amer. Math. Soc.},
  series={AMS/IP Studies in Advanced Mathematics},
}

@article{yang2016curvature,
  title={On curvature tensors of {H}ermitian manifolds},
  author={Yang, Bo and Zheng, Fangyang},
  journal={arXiv:1602.01189},
  year={2016}
}

@inproceedings{yau1993open,
  title={Open problems in geometry},
  author={Yau, Shing-Tung},
  booktitle={Proc. Symp. Pure Math},
  volume={54},
  number={1},
  pages={1--28},
  year={1993}
}

@article{cheung,
  title={Hermitian metrics of negative holomorphic sectional curvature on some hyperbolic manifolds},
  author={Cheung, Chi-Keung},
  year={1989},
  journal={Math Z.},
  volume={201},
  issue={1},
  pages={105--119},
}
