@article{wu1973remark,
  title={A remark on holomorphic sectional curvature},
  author={Wu, H},
  journal={Indiana University Mathematics Journal},
  volume={22},
  number={11},
  pages={1103--1108},
  year={1973},
  publisher={JSTOR}
}

