@misc{demailly-complex,
  title={Complex analytic and differential geometry},
  author={Demailly, Jean-Pierre},
  year={2021},
  howpublished={Author's website at Institut Fourier},
}


