@article{wu1973remark,
  title={A remark on holomorphic sectional curvature},
  author={Wu, H},
  journal={Indiana University Mathematics Journal},
  volume={22},
  number={11},
  pages={1103--1108},
  year={1973},
  publisher={JSTOR}
}

@article{grauert1965hermitesche,
  title={Hermitesche Metriken und normale Familien holomorpher Abbildungen},
  author={Grauert, Hans and Reckziegel, Helmut},
  journal={Mathematische Zeitschrift},
  volume={89},
  number={2},
  pages={108--125},
  year={1965},
  publisher={Springer}
}

@article{griffiths1965hermitian,
  title={Hermitian differential geometry and the theory of positive and ample holomorphic vector bundles},
  author={Griffiths, Phillip A},
  journal={J. Math. Mechanics},
  volume={14},
  number={1},
  pages={117--140},
  year={1965},
}

@book{zheng2000complex,
  title={Complex differential geometry},
  author={Zheng, Fangyang},
  number={18},
  year={2000},
  publisher={Amer. Math. Soc.},
  series={AMS/IP Studies in Advanced Mathematics},
}


